<?xml version="1.0" encoding="UTF-8"?><collection><record><leader>04616ntm a2200565 a 4500</leader><controlfield tag="001">006805285</controlfield><controlfield tag="003">MiAaHDL</controlfield><controlfield tag="005">20190719000000.0</controlfield><controlfield tag="006">m        d        </controlfield><controlfield tag="007">cr bn ---auaua</controlfield><controlfield tag="008">090531s18uu    xx            00| ||ara d</controlfield><datafield tag="035" ind1=" " ind2=" "><subfield code="a">(MiU)006805285</subfield></datafield><datafield tag="035" ind1=" " ind2=" "><subfield code="a">sdr-miu006805285</subfield></datafield><datafield tag="040" ind1=" " ind2=" "><subfield code="a">MiU</subfield><subfield code="c">MiU</subfield><subfield code="e">amremm</subfield></datafield><datafield tag="043" ind1=" " ind2=" "><subfield code="a">n-us-mi</subfield></datafield><datafield tag="100" ind1="1" ind2=" "><subfield code="6">880-01</subfield><subfield code="a">Rifāʻī, Aḥmad ibn ʻAlī,</subfield><subfield code="d">1106?-1182.</subfield></datafield><datafield tag="240" ind1="1" ind2="0"><subfield code="6">880-02</subfield><subfield code="a">Bahjah</subfield></datafield><datafield tag="245" ind1="1" ind2="0"><subfield code="6">880-03</subfield><subfield code="a">Hādhā Kitāb al-Bahjah,</subfield><subfield code="f">[19th century].</subfield></datafield><datafield tag="246" ind1="3" ind2=" "><subfield code="i">Title from front flyleaf:</subfield><subfield code="a">بهجة الرفاعي</subfield></datafield><datafield tag="260" ind1=" " ind2=" "><subfield code="c">[18--].</subfield></datafield><datafield tag="300" ind1=" " ind2=" "><subfield code="a">138 leaves :</subfield><subfield code="b">paper ;</subfield><subfield code="c">220 x 155 (170 x 100) mm. bound to 225 x 160 mm.</subfield></datafield><datafield tag="500" ind1=" " ind2=" "><subfield code="a">Shelfmark: Ann Arbor, University of Michigan, Special Collections Library, Isl. Ms. 599</subfield></datafield><datafield tag="500" ind1=" " ind2=" "><subfield code="a">Origin: Lacks dated colophon ; paper, hand, etc. suggest 19th century, perhaps latter 19th century.</subfield></datafield><datafield tag="500" ind1=" " ind2=" "><subfield code="a">Accompanying materials: a. Acquisitions slip from Yahuda -- b. Inventory cataloguing slip in hand of Winifred Smeaton Thomas.</subfield></datafield><datafield tag="500" ind1=" " ind2=" "><subfield code="a">Former shelfmark: From interior of upper cover and spine label "IL 33" (likely supplied by Yahuda, see acquisitions slip).</subfield></datafield><datafield tag="500" ind1=" " ind2=" "><subfield code="a">Binding: Pasteboards covered in dark purplish-red cloth with red leather over spine (quarter binding) ; Western style binding ; pastedowns and flyleaves in yellow wove paper ; spine stamped with rows of anular motifs ; sewn in white thread, two or four stations, varies ; overall in fairly good condition with only minor abrasion, etc.</subfield></datafield><datafield tag="500" ind1=" " ind2=" "><subfield code="a">Support: European wove paper ; crisp, light brown in color.</subfield></datafield><datafield tag="500" ind1=" " ind2=" "><subfield code="a">Decoration: Headings and keywords 'rubricated' (red to purple ink) ; overlining and textual dividers in the form of hāʼ in same red-purple ink.</subfield></datafield><datafield tag="500" ind1=" " ind2=" "><subfield code="a">Script: Naskh with elements of ruqʻah ; compact hand ; partially seriffed with sharp leftward serif on occasional lām (particularly final, freestanding lām in قال) with slight effect of tilt to the left, curvilinear descenders, pointing mainly in strokes though three dots usually distinct, closed and open counters.</subfield></datafield><datafield tag="500" ind1=" " ind2=" "><subfield code="a">Layout: Written in 19 lines per page ; impression of ruling board evident.</subfield></datafield><datafield tag="500" ind1=" " ind2=" "><subfield code="a">Collation: i, 11 V(110), IV (118), V (128), IV (136), I (138), i ; chiefly quinions ; catchwords present ; foliation in black ink, Hindu-Arabic numerals ; pagination in pencil, Western numerals, supplied during digitization.</subfield></datafield><datafield tag="500" ind1=" " ind2=" "><subfield code="a">Explicit: "ببروق انوار هدايته داعين الى طريق اتباعه مزينين بزينة متابعته عالمين بما يرث لنا رضاك ... امين يا ارحم الراحمين امين يا ارحم الراحمين امين يا ارحم الراحمين ولا حول ولا قوة الا بالله العلي العظيم وصلى الله على سيدنا محمد وعلى اله ... واصحابه مع البركات والتسليم اجمعين م م م م م م م م م م م"</subfield></datafield><datafield tag="500" ind1=" " ind2=" "><subfield code="a">Incipit: "الحمد لله الملك المنان الجواد المقدس عن الامثال والانداد الذي حكم على الخلائق في ازل الازل بالاشقاء [و] الاسعاد ... وبعد فيقول جامع هذا الكتاب هداه الله الى طريق الحق والصواب لا يخفي على ارباب البصائر والمعالي اولى الدرجات والذخائر الموالي ..."</subfield></datafield><datafield tag="500" ind1=" " ind2=" "><subfield code="a">Title from heading at opening (p.2).</subfield></datafield><datafield tag="500" ind1=" " ind2=" "><subfield code="a">Ms. codex.</subfield></datafield><datafield tag="510" ind1="4" ind2=" "><subfield code="a">Brockelmann, C. GAL,</subfield><subfield code="c">S I 780-1</subfield></datafield><datafield tag="510" ind1="4" ind2=" "><subfield code="a">Margoliouth, D.S. "al-Rifāʿī." In EI2.</subfield></datafield><datafield tag="520" ind1="8" ind2=" "><subfield code="a">Clear copy of the Ṣūfī work attributed to Aḥmad ibn ʻAlī al-Rifāʻī (d.1182), founder of the Rifāʻīyah order.</subfield></datafield><datafield tag="538" ind1=" " ind2=" "><subfield code="a">Mode of access: Internet.</subfield></datafield><datafield tag="541" ind1=" " ind2=" "><subfield code="a">Acquired in 1926 from the bookseller Isaac Benjamin S.E. Yahuda via purchase transacted on his behalf by Abraham Shalom Yahuda (1877-1951), his younger brother.</subfield></datafield><datafield tag="546" ind1=" " ind2=" "><subfield code="a">Arabic.</subfield></datafield><datafield tag="561" ind1=" " ind2=" "><subfield code="a">Occasional marginal corrections and notabilia (side heads).</subfield></datafield><datafield tag="600" ind1="0" ind2="0"><subfield code="a">Muḥammad,</subfield><subfield code="c">Prophet,</subfield><subfield code="d">-632</subfield><subfield code="v">Prayers and devotions</subfield><subfield code="v">Early works to 1800.</subfield></datafield><datafield tag="650" ind1=" " ind2="0"><subfield code="a">Manuscripts, Arabic</subfield><subfield code="z">Michigan</subfield><subfield code="z">Ann Arbor.</subfield></datafield><datafield tag="650" ind1=" " ind2="0"><subfield code="a">Rifāʻīyah</subfield><subfield code="v">Early works to 1800.</subfield></datafield><datafield tag="650" ind1=" " ind2="0"><subfield code="a">Sufism</subfield><subfield code="v">Early works to 1800.</subfield></datafield><datafield tag="773" ind1="0" ind2=" "><subfield code="a">Yahuda Collection.</subfield></datafield><datafield tag="880" ind1="1" ind2="0"><subfield code="6">245-03/</subfield><subfield code="a">هذا كتاب البهجة,</subfield><subfield code="f">[القرن 19م].</subfield></datafield><datafield tag="880" ind1="1" ind2="0"><subfield code="6">240-02/</subfield><subfield code="a">بهجة</subfield></datafield><datafield tag="880" ind1="1" ind2=" "><subfield code="6">100-01/</subfield><subfield code="a">رفاعي، احمد بن علي.</subfield></datafield><datafield tag="CID" ind1=" " ind2=" "><subfield code="a">006805285</subfield></datafield><datafield tag="DAT" ind1="0" ind2=" "><subfield code="a">20190719102637.0</subfield><subfield code="b">20190719000000.0</subfield></datafield><datafield tag="DAT" ind1="1" ind2=" "><subfield code="a">20190719090653.0</subfield><subfield code="b">2019-07-19T16:11:31Z</subfield></datafield><datafield tag="DAT" ind1="2" ind2=" "><subfield code="a">2015-10-10T18:00:06Z</subfield></datafield><datafield tag="CAT" ind1=" " ind2=" "><subfield code="a">SDR-MIU</subfield><subfield code="d">EX LIBRIS - ALEPH</subfield><subfield code="l">prepare.pl-004-008</subfield></datafield><datafield tag="FMT" ind1=" " ind2=" "><subfield code="a">BK</subfield></datafield><datafield tag="HOL" ind1=" " ind2=" "><subfield code="0">sdr-miu006805285</subfield><subfield code="a">MiU</subfield><subfield code="b">SDR</subfield><subfield code="c">MIU</subfield><subfield code="p">mdp.39015079127265</subfield><subfield code="s">MIU</subfield><subfield code="1">006805285</subfield></datafield><datafield tag="974" ind1=" " ind2=" "><subfield code="b">MIU</subfield><subfield code="c">MIU</subfield><subfield code="d">20190719</subfield><subfield code="s">lit-dlps-dc</subfield><subfield code="u">mdp.39015079127265</subfield><subfield code="y">1899</subfield><subfield code="r">pd</subfield><subfield code="q">exp</subfield></datafield></record></collection>